<record xmlns:xsi="http://www.w3.org/2001/XMLSchema-instance" xmlns="http://www.loc.gov/MARC21/slim" xsi:schemaLocation="http://www.loc.gov/MARC21/slim http://www.loc.gov/standards/marcxml/schema/MARC21slim.xsd">

  <leader>00494nam a2200181Ia 4500</leader>
  <datafield ind2=" " ind1=" " tag="020">
    <subfield code="a">978-84-494-3063-3</subfield>
  </datafield>
  <datafield ind2=" " ind1=" " tag="090">
    <subfield code="a">R 19.03.01 </subfield>
    <subfield code="b">1693 </subfield>
  </datafield>
  <datafield ind2=" " ind1=" " tag="110">
    <subfield code="a">Grupo Editorial.</subfield>
  </datafield>
  <datafield ind1=" " tag="245" ind2=" ">
    <subfield code="a">Nuevo Oceano Uno. Diccionario enciclopédico color</subfield>
  </datafield>
  <datafield ind1=" " tag="260" ind2=" ">
    <subfield code="a">España :</subfield>
    <subfield code="b">Editorial Oceano, </subfield>
    <subfield code="c">2006</subfield>
  </datafield>
  <datafield ind2=" " ind1=" " tag="300">
    <subfield code="a">1728 páginas.</subfield>
  </datafield>
  <datafield tag="500" ind1=" " ind2=" ">
    <subfield code="a">Contiene el CD-ROM</subfield>
  </datafield>
  <datafield ind2=" " ind1=" " tag="500">
    <subfield code="a">Material perdido</subfield>
  </datafield>
  <datafield ind2=" " tag="650" ind1=" ">
    <subfield code="a">DICCIONARIO.</subfield>
  </datafield>
  <datafield ind2=" " tag="650" ind1=" ">
    <subfield code="a">ENCICLOPEDIA.</subfield>
  </datafield>
  <datafield tag="650" ind1=" " ind2=" ">
    <subfield code="a">SIGNIFICADOS.</subfield>
  </datafield>
  <datafield tag="650" ind1=" " ind2=" ">
    <subfield code="a">LENGUA ESPAÑOLA.</subfield>
  </datafield>
  <datafield tag="999" ind1=" " ind2=" ">
    <subfield code="c">486</subfield>
    <subfield code="d">486</subfield>
  </datafield>
</record>